<record><leader>00000cas a2200000 a 4500</leader><controlfield tag="001">11281443</controlfield><controlfield tag="008">841018d184418uuohucn ne      0    0eng c</controlfield><datafield ind1=" " ind2=" " tag="010"><subfield code="a">sn 84028638 </subfield></datafield><datafield ind1=" " ind2=" " tag="040"><subfield code="a">NPY</subfield><subfield code="b">eng</subfield><subfield code="c">NPY</subfield><subfield code="d">NPV</subfield><subfield code="d">NPX</subfield><subfield code="d">PPM</subfield><subfield code="d">ONP</subfield><subfield code="d">NVF</subfield><subfield code="d">OCL</subfield><subfield code="d">CUI</subfield><subfield code="d">OCLCQ</subfield><subfield code="d">OCLCF</subfield></datafield><datafield ind1="1" ind2=" " tag="029"><subfield code="a">AU@</subfield><subfield code="b">000020121387</subfield></datafield><datafield ind1=" " ind2=" " tag="042"><subfield code="a">pcc</subfield></datafield><datafield ind1=" " ind2=" " tag="043"><subfield code="a">n-us-oh</subfield></datafield><datafield ind1=" " ind2="4" tag="050"><subfield code="a">AN</subfield></datafield><datafield ind1="0" ind2=" " tag="130"><subfield code="a">Semi-weekly Ohio statesman (Columbus, Ohio : 1844)</subfield></datafield><datafield ind1="1" ind2="0" tag="245"><subfield code="a">Semi-weekly Ohio statesman.</subfield></datafield><datafield ind1=" " ind2=" " tag="260"><subfield code="a">Columbus, Ohio :</subfield><subfield code="b">S. Medary</subfield></datafield><datafield ind1=" " ind2=" " tag="300"><subfield code="a">v.</subfield></datafield><datafield ind1=" " ind2=" " tag="310"><subfield code="a">Semiweekly during sessions of legislature</subfield></datafield><datafield ind1="1" ind2=" " tag="362"><subfield code="a">Began in 1844.</subfield></datafield><datafield ind1=" " ind2=" " tag="515"><subfield code="a">Issue for Dec. 2, 1845 numbered v. 1, no. 22.</subfield></datafield><datafield ind1=" " ind2=" " tag="580"><subfield code="a">Triweekly ed.: Tri-weekly Ohio statesman (Columbus, Ohio : 1844), 1844-&lt;1846&gt;.</subfield></datafield><datafield ind1=" " ind2=" " tag="580"><subfield code="a">Weekly eds.: Ohio statesman (Columbus, Ohio : 1837), 1844-&lt;&gt;, and: Weekly Ohio statesman, 1844-&lt;1846&gt;.</subfield></datafield><datafield ind1=" " ind2=" " tag="588"><subfield code="a">Description based on: Vol. 7, no. 75 (Dec. 3, 1844).</subfield></datafield><datafield ind1=" " ind2="0" tag="651"><subfield code="a">Columbus (Ohio)</subfield><subfield code="v">Newspapers.</subfield></datafield><datafield ind1=" " ind2="0" tag="651"><subfield code="a">Franklin County (Ohio)</subfield><subfield code="v">Newspapers.</subfield></datafield><datafield ind1=" " ind2="7" tag="655"><subfield code="a">Newspapers.</subfield><subfield code="2">fast</subfield><subfield code="0">(OCoLC)fst01423814</subfield></datafield><datafield ind1=" " ind2="7" tag="651"><subfield code="a">Ohio</subfield><subfield code="z">Columbus.</subfield><subfield code="2">fast</subfield><subfield code="0">(OCoLC)fst01205076</subfield></datafield><datafield ind1=" " ind2="7" tag="651"><subfield code="a">Ohio</subfield><subfield code="z">Franklin County.</subfield><subfield code="2">fast</subfield><subfield code="0">(OCoLC)fst01209686</subfield></datafield><datafield ind1=" " ind2=" " tag="752"><subfield code="a">United States</subfield><subfield code="b">Ohio</subfield><subfield code="c">Franklin</subfield><subfield code="d">Columbus.</subfield></datafield><datafield ind1="0" ind2=" " tag="775"><subfield code="t">Daily Ohio statesman (Columbus, Ohio : 1847)</subfield><subfield code="w">(DLC)sn 85026405</subfield><subfield code="w">(OCoLC)12206592</subfield></datafield><datafield ind1="1" ind2=" " tag="775"><subfield code="t">Tri-weekly Ohio statesman (Columbus, Ohio : 1844)</subfield><subfield code="w">(DLC)sn 84028642</subfield><subfield code="w">(OCoLC)11284517</subfield></datafield><datafield ind1="1" ind2=" " tag="775"><subfield code="t">Ohio statesman (Columbus, Ohio : 1837)</subfield><subfield code="w">(DLC)sn 84028637</subfield><subfield code="w">(OCoLC)11281355</subfield></datafield><datafield ind1="1" ind2=" " tag="775"><subfield code="t">Weekly Ohio statesman</subfield><subfield code="w">(DLC)sn 84028639</subfield><subfield code="w">(OCoLC)11281954</subfield></datafield><datafield ind1="0" ind2="0" tag="780"><subfield code="t">Ohio statesman (Columbus, Ohio : 1838)</subfield><subfield code="w">(DLC)sn 84028641</subfield><subfield code="w">(OCoLC)11282149</subfield></datafield></record>